%%%%%%%%%%%%
%MISC
%%%%%%%%%%%%
@MISC{card-fm-constr-progress,
    author = {K. Czarnecki and et al.},
    title = {Cardinality-Based Feature Modeling and Constraints: A Progress Report},
    year = {2005}
}

@MISC{ieee-754,
    author = {Peter Markstein},
    title = {{THE NEW IEEE-754 STANDARD FOR FLOATING POINT ARITHMETIC}},
    year = {}
}

@misc{smt-introduction,
  author = {Johannes Kanig},
  institution = {INRIA, LRI, ProVal team},
  howpublished = {Open-DO conference talk},
  year={2010},
  title={{An introduction to SMT Solvers}}
}

@MISC{hampi,
    author = {Adam Kiezun and Vijay Ganesh and Philip J. Guo and Pieter Hooimeijer and Michael D. Ernst},
    title = {{HAMPI}: {A} {S}olver for {S}tring {C}onstraints},
    year = {2009}
}

%%%%%%%%%%%%
% THESIS
%%%%%%%%%%%%
@phdthesis{coverage-uml-state-machine,
  author    = {Stephan Wei{\ss}leder},
  title     = {{Test models and coverage criteria for automatic model-based test generation with {UML} state machines}},
  year      = {2010},
  pages     = {1-259},
  bibsource = {DBLP, http://dblp.uni-trier.de}
}

%%%%%%%%%%%%%
%TECH REPORTS
%%%%%%%%%%%%%
@techreport{variability,
	author={Felix Bachmann and Paul Clements},
	title={{V}ariability in {S}oftware {P}roduct {L}ines},
	institution={Software Engineering Institute, Carnergie Mellon University},
	year={2005},
	number={CMU/SEI-2005-TR-012},
	url={http://resources.sei.cmu.edu/library/asset-view.cfm?AssetID=7675}
}
@techreport{interaction-patterns,
  author = {Elnatan Reisner and Charles Song and Kin-Keung Ma and Jeffrey S. Foster and Adam Porter},
  title = {{Evaluating Interaction Patterns in Configurable Software Systems}},
  institution = {Computer Science Department, University of Maryland, College Park},
  year = {2009},
  number = {CS-TR-4940},
  month = {June},
}

@TECHREPORT{smt-lib2,
  author =	 {Clark Barrett and Aaron Stump and Cesare Tinelli},
  title =	 {{The SMT-LIB Standard: Version 2.0}},
  institution =	 {Department of Computer Science, The University of Iowa},
  year =	 2010,
  note =	 {Available at {\tt www.SMT-LIB.org}}
}



%%%%%%%%%%%%
%ARTICLES
%%%%%%%%%%%%
@article{nels-oppen,
  author    = {Greg Nelson and
               Derek C. Oppen},
  title     = {{F}ast {D}ecision {P}rocedures {B}ased on {C}ongruence {C}losure},
  journal   = {J. {ACM}},
  year      = {1980},
  volume    = {27},
  number    = {2},
  pages     = {356--364},
  url       = {http://doi.acm.org/10.1145/322186.322198},
  doi       = {10.1145/322186.322198},
  timestamp = {Tue, 14 Oct 2014 07:30:44 +0200},
  biburl    = {http://dblp.uni-trier.de/rec/bib/journals/jacm/NelsonO80},
  bibsource = {dblp computer science bibliography, http://dblp.org}
}

@article{analysis-fm-20,
  author    = {David Benavides and
               Sergio Segura and
               Antonio Ruiz Cort{\'{e}}s},
  title     = {Automated analysis of feature models 20 years later: {A} literature
               review},
  journal   = {Inf. Syst.},
  year      = {2010},
  volume    = {35},
  number    = {6},
  pages     = {615--636},
  url       = {http://dx.doi.org/10.1016/j.is.2010.01.001},
  doi       = {10.1016/j.is.2010.01.001},
  timestamp = {Fri, 03 Oct 2014 15:10:46 +0200},
  biburl    = {http://dblp.uni-trier.de/rec/bib/journals/is/BenavidesSC10},
  bibsource = {dblp computer science bibliography, http://dblp.org}
}

@article{dpll,
 author = {Davis, Martin and Logemann, George and Loveland, Donald},
 title = {{A} {M}achine {P}rogram for {T}heorem-proving},
 journal = {Commun. ACM},
 issue_date = {July 1962},
 volume = {5},
 number = {7},
 month = jul,
 year = {1962},
 issn = {0001-0782},
 pages = {394--397},
 numpages = {4},
 url = {http://doi.acm.org/10.1145/368273.368557},
 doi = {10.1145/368273.368557},
 acmid = {368557},
 publisher = {ACM},
 address = {New York, NY, USA},
}


@ARTICLE{comb,
    author = {Mats Grindal and Jeff Offutt and Sten F. Andler},
    title = {Combination testing strategies: A survey},
    journal = {Software Testing, Verification, and Reliability},
    year = {2005},
    volume = {15},
    pages = {167--199}
}

@article{smt-intro-app,
  author    = {Leonardo Mendon\c{c}a de Moura and
               Nikolaj Bj{\o}rner},
  title     = {{Satisfiability modulo theories: introduction and applications}},
  journal   = {Commun. ACM},
  volume    = {54},
  number    = {9},
  year      = {2011},
  pages     = {69-77},
  ee        = {http://doi.acm.org/10.1145/1995376.1995394},
  bibsource = {DBLP, http://dblp.uni-trier.de}
}


@article{card-based-feature-models-formalization,
  author    = {Krzysztof Czarnecki and
               Simon Helsen and
               Ulrich W. Eisenecker},
  title     = {{F}ormalizing {C}ardinality-based {F}eature {M}odels and their {S}pecialization},
  journal   = {Software Process: Improvement and Practice},
  year      = {2005},
  volume    = {10},
  number    = {1},
  pages     = {7--29},
  url       = {http://dx.doi.org/10.1002/spip.213},
  doi       = {10.1002/spip.213},
  timestamp = {Sun, 21 Sep 2014 18:15:37 +0200},
  biburl    = {http://dblp.uni-trier.de/rec/bib/journals/sopr/CzarneckiHE05},
  bibsource = {dblp computer science bibliography, http://dblp.org}
}

@article{feature-ori-pl-engineering,
    abstract = {{The feature-oriented reuse method analyzes and models a product line's commonalities and differences in terms of product features and uses the analysis results to develop architectures and components. The article illustrates, with a home integration system example, how FORM brings efficiency into product line development.}},
    author = {Kang, K. C. and Lee, Jaejoon and Donohoe, P.},
    citeulike-article-id = {1167788},
    citeulike-linkout-0 = {http://ieeexplore.ieee.org/xpls/abs\_all.jsp?arnumber=1020288},
    journal = {Software, IEEE},
    keywords = {fm, spl},
    number = {4},
    pages = {58--65},
    posted-at = {2007-03-16 16:25:06},
    priority = {2},
    title = {{Feature-oriented product line engineering}},
    url = {http://ieeexplore.ieee.org/xpls/abs\_all.jsp?arnumber=1020288},
    volume = {19},
    year = {2002}
}

@article{congruence-closure,
  author    = {Peter J. Downey and
               Ravi Sethi and
               Robert Endre Tarjan},
  title     = {{V}ariations on the {C}ommon {S}ubexpression {P}roblem},
  journal   = {J. {ACM}},
  year      = {1980},
  volume    = {27},
  number    = {4},
  pages     = {758--771},
  url       = {http://doi.acm.org/10.1145/322217.322228},
  doi       = {10.1145/322217.322228},
  timestamp = {Mon, 13 Oct 2014 16:11:03 +0200},
  biburl    = {http://dblp.uni-trier.de/rec/bib/journals/jacm/DowneyST80},
  bibsource = {dblp computer science bibliography, http://dblp.org}
}

@ARTICLE{fm-normalization,
    author = {Arie van Deursen and Paul Klint},
    title = {{Domain-Specific Language Design Requires Feature Descriptions}},
    journal = {Journal of Computing and Information Technology},
    year = {2001},
    volume = {10},
    pages = {2002}
}

%%%%%%%%%%%%%
%BOOKS
%%%%%%%%%%%%%
@book{csp,
 author = {Russell, Stuart J. and Norvig, Peter},
 title = {Artificial Intelligence: A Modern Approach},
 year = {2003},
 isbn = {0137903952},
 edition = {2},
 publisher = {Pearson Education},
} 

@book{design-patterns,
 author = {Gamma, Erich and Helm, Richard and Johnson, Ralph and Vlissides, John},
 title = {Design Patterns: Elements of Reusable Object-oriented Software},
 year = {1995},
 isbn = {0-201-63361-2},
 publisher = {Addison-Wesley Longman Publishing Co., Inc.},
 address = {Boston, MA, USA},
} 

@book{pract-st-design,
 author = {Copeland, Lee},
 title = {{A Practitioner's Guide to Software Test Design}},
 year = {2003},
 isbn = {158053791X},
 publisher = {Artech House, Inc.},
 address = {Norwood, MA, USA},
} 


@BOOK{iso-9126,
  title = {{ISO/IEC 9126. Software engineering -- Product quality}},
  publisher = {ISO/IEC},
  year = {2001},
  author = {ISO/IEC}
}

%%%%%%%%%%%%%%%%%%%%%%%
%IN PROCEEDINGS
%%%%%%%%%%%%%%%%%%%%%%%
@INPROCEEDINGS{rex, 
author={Veanes, M. and de Halleux, P. and Tillmann, N.}, 
booktitle={Software Testing, Verification and Validation (ICST), 2010 Third International Conference on}, 
title={{Rex: Symbolic Regular Expression Explorer}}, 
year={2010}, 
month={April}, 
pages={498-507}, 
keywords={formal languages;program diagnostics;program testing;software tools;Rex;SMT solver Z3;program analysis;program testing;programming languages;regular expression constraints;symbolic regular expression explorer;Automata;Computer languages;Constraint theory;Data analysis;Databases;Java;Logic;Software testing;Surface-mount technology;Terminology;finite automata;regular expressions;satisfiability modulo theories;strings}, 
doi={10.1109/ICST.2010.15}}

@incollection{tractability,
  author = {Nikolaj Bj{\o}rner and Leonardo de Moura},
  booktitle = {Handbook of Tractability},
  title = {{T}ractability and {M}odern {S}atisfiability {M}odulo {T}eory {S}olvers},
  publisher = {Cambridge University Press},
  editors = {Lucas Bordeaux and Youssef Hamadi and Pushmeet Kohli and Robert Mateescu},
  documenturl = { http://leodemoura.github.io/files/tractability.pdf},
  year = {2012}
}

@incollection{smt-book,
  author    = {Clark W. Barrett and
               Roberto Sebastiani and
               Sanjit A. Seshia and
               Cesare Tinelli},
  title     = {{S}atisfiability {M}odulo {T}heories},
  booktitle = {Handbook of Satisfiability},
  year      = {2009},
  pages     = {825--885},
  crossref  = {DBLP:series/faia/2009-185},
  url       = {http://dx.doi.org/10.3233/978-1-58603-929-5-825},
  doi       = {10.3233/978-1-58603-929-5-825},
  timestamp = {Tue, 14 Oct 2014 07:17:36 +0200},
  biburl    = {http://dblp.uni-trier.de/rec/bib/series/faia/BarrettSST09},
  bibsource = {dblp computer science bibliography, http://dblp.org}
}

@inproceedings{DBLP:conf/popl/SuterDK10,
  author    = {Philippe Suter and
               Mirco Dotta and
               Viktor Kuncak},
  title     = {Decision procedures for algebraic data types with abstractions},
  booktitle = {Proceedings of the 37th {ACM} {SIGPLAN-SIGACT} Symposium on Principles
               of Programming Languages, {POPL} 2010, Madrid, Spain, January 17-23,
               2010},
  year      = {2010},
  pages     = {199--210},
  crossref  = {DBLP:conf/popl/2010},
  url       = {http://doi.acm.org/10.1145/1706299.1706325},
  doi       = {10.1145/1706299.1706325},
  timestamp = {Mon, 13 Oct 2014 16:23:36 +0200},
  biburl    = {http://dblp.uni-trier.de/rec/bib/conf/popl/SuterDK10},
  bibsource = {dblp computer science bibliography, http://dblp.org}
}

@inproceedings{lin-arith,
  author    = {Bruno Dutertre and
               Leonardo Mendon{\c{c}}a de Moura},
  title     = {{A} {F}ast {L}inear-{A}rithmetic {S}olver for {DPLL(T)}},
  booktitle = {Computer Aided Verification, 18th International Conference, {CAV}
               2006, Seattle, WA, USA, August 17-20, 2006, Proceedings},
  year      = {2006},
  pages     = {81--94},
  crossref  = {DBLP:conf/cav/2006},
  url       = {http://dx.doi.org/10.1007/11817963_11},
  doi       = {10.1007/11817963_11},
  timestamp = {Mon, 13 Oct 2014 16:28:05 +0200},
  biburl    = {http://dblp.uni-trier.de/rec/bib/conf/cav/DutertreM06},
  bibsource = {dblp computer science bibliography, http://dblp.org}
}

@inproceedings{t-wise-feature-models,
  author    = {Martin Fagereng Johansen and
               {\O}ystein Haugen and
               Franck Fleurey},
  title     = {An algorithm for generating t-wise covering arrays from large feature
               models},
  booktitle = {16th International Software Product Line Conference, {SPLC} '12, Salvador,
               Brazil - September 2-7, 2012, Volume 1},
  year      = {2012},
  pages     = {46--55},
  crossref  = {DBLP:conf/splc/2012-1},
  url       = {http://doi.acm.org/10.1145/2362536.2362547},
  doi       = {10.1145/2362536.2362547},
  timestamp = {Fri, 10 Oct 2014 11:06:54 +0200},
  biburl    = {http://dblp.uni-trier.de/rec/bib/conf/splc/JohansenHF12},
  bibsource = {dblp computer science bibliography, http://dblp.org}
}

@inproceedings{ecr,
  author    = {Marc{\'{\i}}lio Mendon{\c{c}}a and
               Andrzej Wasowski and
               Krzysztof Czarnecki and
               Donald D. Cowan},
  title     = {Efficient compilation techniques for large scale feature models},
  booktitle = {Generative Programming and Component Engineering, 7th International
               Conference, {GPCE} 2008, Nashville, TN, USA, October 19-23, 2008,
               Proceedings},
  year      = {2008},
  pages     = {13--22},
  crossref  = {DBLP:conf/gpce/2008},
  url       = {http://doi.acm.org/10.1145/1449913.1449918},
  doi       = {10.1145/1449913.1449918},
  timestamp = {Fri, 03 Oct 2014 15:23:18 +0200},
  biburl    = {http://dblp.uni-trier.de/rec/bib/conf/gpce/MendoncaWCC08},
  bibsource = {dblp computer science bibliography, http://dblp.org}
}

@INPROCEEDINGS{auto-reason-fm,
    author = {David Benavides and Pablo Trinidad and Antonio Ruiz-Cortés},
    title = {Automated Reasoning on Feature Models},
    booktitle = {LNCS, ADVANCED INFORMATION SYSTEMS ENGINEERING: 17TH INTERNATIONAL CONFERENCE, CAISE 2005},
    year = {2005},
    pages = {2005},
    publisher = {Springer}
}

@inproceedings{grammar-based-tc-generation-fm,
 author = {Bagheri, Ebrahim and Ensan, Faezeh and Gasevic, Dragan},
 title = {{G}rammar-based {T}est {G}eneration for {S}oftware {P}roduct {L}ine {F}eature {M}odels},
 booktitle = {Proceedings of the 2012 Conference of the Center for Advanced Studies on Collaborative Research},
 series = {CASCON '12},
 year = {2012},
 location = {Toronto, Ontario, Canada},
 pages = {87--101},
 numpages = {15},
 url = {http://dl.acm.org/citation.cfm?id=2399776.2399785},
 acmid = {2399785},
 publisher = {IBM Corp.},
 address = {Riverton, NJ, USA},
} 


@inproceedings{fm-grammar-prop,
 author = {Batory, Don},
 title = {{F}eature {M}odels, {G}rammars, and {P}ropositional {F}ormulas},
 booktitle = {Proceedings of the 9th International Conference on Software Product Lines},
 series = {SPLC'05},
 year = {2005},
 isbn = {3-540-28936-4, 978-3-540-28936-4},
 location = {Rennes, France},
 pages = {7--20},
 numpages = {14},
 url = {http://dx.doi.org/10.1007/11554844_3},
 doi = {10.1007/11554844_3},
 acmid = {2162236},
 publisher = {Springer-Verlag},
 address = {Berlin, Heidelberg},
} 

@inproceedings{cov-arr-proof,
  author    = {Richard M. Karp},
  title     = {{R}educibility {A}mong {C}ombinatorial {P}roblems},
  booktitle = {Proceedings of a symposium on the Complexity of Computer Computations,
               held March 20-22, 1972, at the {IBM} Thomas J. Watson Research Center,
               Yorktown Heights, New York.},
  year      = {1972},
  pages     = {85--103},
  crossref  = {DBLP:conf/coco/1972},
  url       = {http://www.cs.berkeley.edu/~luca/cs172/karp.pdf},
  timestamp = {Fri, 03 Oct 2014 10:23:22 +0200},
  biburl    = {http://dblp.uni-trier.de/rec/bib/conf/coco/Karp72},
  bibsource = {dblp computer science bibliography, http://dblp.org}
}

@inproceedings{IOP-comb,
  author    = {Yu Lei and
               Kuo-Chung Tai},
  title     = {{I}n-{P}arameter-{O}rder: {A} {T}est {G}eneration {S}trategy for {P}airwise
               {T}esting},
  booktitle = {HASE},
  year      = {1998},
  pages     = {254-261},
  ee        = {http://www.computer.org/proceedings/hase/9221/92210254abs.htm},
  crossref  = {DBLP:conf/hase/1998},
  bibsource = {DBLP, http://dblp.uni-trier.de}
}

@inproceedings{dpllt,
  author    = {Harald Ganzinger and
               George Hagen and
               Robert Nieuwenhuis and
               Albert Oliveras and
               Cesare Tinelli},
  title     = {{DPLL( T): Fast Decision Procedures}},
  booktitle = {CAV},
  year      = {2004},
  pages     = {175-188},
  ee        = {http://dx.doi.org/10.1007/978-3-540-27813-9_14},
  crossref  = {DBLP:conf/cav/2004},
  bibsource = {DBLP, http://dblp.uni-trier.de}
}

@incollection{tseitin,
  AUTHOR = {G. S. Tseitin},
  TITLE = {{On the Complexity of Derivation in Propositional Calculus}},
  YEAR = 1983,
  BOOKTITLE = {{Automation of Reasoning 2: Classical Papers on Computational Logic 1967-1970}},
  EDITOR = {J. Siekmann and G. Wrightson},
  PUBLISHER = {Springer},
  ADDRESS = {Berlin, Heidelberg},
  PAGES = {466-483},
  KEYWORDS = {}}

@inproceedings{smt-example,
  author    = {John McCarthy},
  title     = {Towards a Mathematical Science of Computation},
  booktitle = {IFIP Congress},
  year      = {1962},
  pages     = {21-28},
  bibsource = {DBLP, http://dblp.uni-trier.de}
}

@inproceedings{smt-appetizer,
  author    = {Leonardo Mendon\c{c}a de Moura and
               Nikolaj Bj{\o}rner},
  title     = {{Satisfiability Modulo Theories: An Appetizer}},
  booktitle = {SBMF},
  year      = {2009},
  pages     = {23-36},
  ee        = {http://dx.doi.org/10.1007/978-3-642-10452-7_3},
  crossref  = {DBLP:conf/sbmf/2009},
  bibsource = {DBLP, http://dblp.uni-trier.de}
}

@inproceedings{sa-test-1,
  author    = {Marius Bozga and
               Jean-Claude Fernandez and
               Lucian Ghirvu},
  title     = {Using Static Analysis to Improve Automatic Test Generation},
  booktitle = {TACAS},
  year      = {2000},
  pages     = {235-250},
  ee        = {http://dx.doi.org/10.1007/3-540-46419-0_17},
  crossref  = {DBLP:conf/tacas/2000},
  bibsource = {DBLP, http://dblp.uni-trier.de}
}

@inproceedings{sa-test-2,
  author    = {Christoph Csallner and
               Yannis Smaragdakis},
  title     = {Check 'n' crash: combining static checking and testing},
  booktitle = {ICSE},
  year      = {2005},
  pages     = {422-431},
  ee        = {http://doi.acm.org/10.1145/1062455.1062533},
  crossref  = {DBLP:conf/icse/2005},
  bibsource = {DBLP, http://dblp.uni-trier.de}
}

@INPROCEEDINGS{sa-test-3,
    author = {Thomas J. Ostrand},
    title = {Using static analysis to determine where to focus dynamic testing effort},
    booktitle = {In Second International Workshop on Dynamic Analysis, co-located with the 26th International Conference on Software Engineering (ICSE 2004},
    year = {2004},
    pages = {1--8}
}

@inproceedings{sa-test-4,
  author    = {Jan Peleska and
               Helge L{\"o}ding and
               Tatiana Kotas},
  title     = {Test Automation Meets Static Analysis},
  booktitle = {GI Jahrestagung (2)},
  year      = {2007},
  pages     = {280-290},
  ee        = {http://subs.emis.de/LNI/Proceedings/Proceedings110/article1732.html},
  crossref  = {DBLP:conf/gi/2007-2},
  bibsource = {DBLP, http://dblp.uni-trier.de}
}

@inproceedings{evol-embed-2,
  author    = {Joachim Wegener and
               Kerstin Buhr and
               Hartmut Pohlheim},
  title     = {Automatic Test Data Generation For Structural Testing Of
               Embedded Software Systems By Evolutionary Testing},
  booktitle = {GECCO},
  year      = {2002},
  pages     = {1233-1240},
  crossref  = {DBLP:conf/gecco/2002},
  bibsource = {DBLP, http://dblp.uni-trier.de}
}

@inproceedings{evol-embed-1,
  author    = {Xiaomin Hu and
               Jun Zhang},
  title     = {An intelligent testing system embedded with an ant colony
               optimization based test composition method},
  booktitle = {IEEE Congress on Evolutionary Computation},
  year      = {2009},
  pages     = {1414-1421},
  ee        = {http://dx.doi.org/10.1109/CEC.2009.4983109},
  crossref  = {DBLP:conf/cec/2009},
  bibsource = {DBLP, http://dblp.uni-trier.de}
}

@inproceedings{uml-2-smt,
  author    = {J{\'e}r{\^o}me Cantenot and
               Fabrice Ambert and
               Fabrice Bouquet},
  title     = {Transformation rules from UML4MBT meta-model to SMT meta-model
               for model animation},
  booktitle = {OCL and Textual Modelling},
  year      = {2012},
  pages     = {55-60},
  ee        = {http://doi.acm.org/10.1145/2428516.2428526},
  crossref  = {DBLP:conf/models/2012ocl},
  bibsource = {DBLP, http://dblp.uni-trier.de}
}

@inproceedings{verify-dyn-uml,
  author    = {Mathias Soeken and
               Robert Wille and
               Rolf Drechsler},
  title     = {Verifying dynamic aspects of UML models},
  booktitle = {DATE},
  year      = {2011},
  pages     = {1077-1082},
  ee        = {http://ieeexplore.ieee.org/xpls/abs_all.jsp?arnumber=5763177},
  crossref  = {DBLP:conf/date/2011},
  bibsource = {DBLP, http://dblp.uni-trier.de}
}

@inproceedings{rex,
  author    = {Margus Veanes and
               Peli de Halleux and
               Nikolai Tillmann},
  title     = {Rex: Symbolic Regular Expression Explorer},
  booktitle = {ICST},
  year      = {2010},
  pages     = {498-507},
  ee        = {http://doi.ieeecomputersociety.org/10.1109/ICST.2010.15},
  crossref  = {DBLP:conf/icst/2010},
  bibsource = {DBLP, http://dblp.uni-trier.de}
}

@inproceedings{cook, 
  author    = {Stephen A. Cook},
  title     = {{T}he {C}omplexity of {T}heorem-{P}roving {P}rocedures},
  booktitle = {STOC},
  year      = {1971},
  pages     = {151-158},
  ee        = {http://doi.acm.org/10.1145/800157.805047},
  crossref  = {DBLP:conf/stoc/STOC3},
  bibsource = {DBLP, http://dblp.uni-trier.de}
}

@inproceedings{z3,
  author    = {Leonardo Mendon\c{c}a de Moura and
               Nikolaj Bj{\o}rner},
  title     = {{Z3}: {A}n {E}fficient {SMT} {S}olver},
  booktitle = {TACAS},
  year      = {2008},
  pages     = {337-340},
  ee        = {http://dx.doi.org/10.1007/978-3-540-78800-3_24},
  crossref  = {DBLP:conf/tacas/2008},
  bibsource = {DBLP, http://dblp.uni-trier.de}
}

@inproceedings{interaction-test-hcs-constr,
  author    = {Myra B. Cohen and
               Matthew B. Dwyer and
               Jiangfan Shi},
  title     = {{I}nteraction {T}esting of {H}ighly-{C}onfigurable {S}ystems in the {P}resence
               of {C}onstraints},
  booktitle = {Proceedings of the {ACM/SIGSOFT} International Symposium on Software
               Testing and Analysis, {ISSTA} 2007, London, UK, July 9-12, 2007},
  year      = {2007},
  pages     = {129--139},
  crossref  = {DBLP:conf/issta/2007},
  url       = {http://doi.acm.org/10.1145/1273463.1273482},
  doi       = {10.1145/1273463.1273482},
  timestamp = {Thu, 18 Sep 2014 18:08:33 +0200},
  biburl    = {http://dblp.uni-trier.de/rec/bib/conf/issta/CohenDS07},
  bibsource = {dblp computer science bibliography, http://dblp.org}
}

@inproceedings{product-line-mutation-analysis,
  author    = {Christopher Henard and
               Mike Papadakis and
               Gilles Perrouin and
               Jacques Klein and
               Yves Le Traon},
  title     = {{A}ssessing {S}oftware {P}roduct {L}ine {T}esting {V}ia {M}odel-{B}ased {M}utation:
               {A}n {A}pplication to {S}imilarity {T}esting},
  booktitle = {2013 {IEEE} Sixth International Conference on Software Testing, Verification
               and Validation, Workshops Proceedings, Luxembourg, Luxembourg, March
               18-22, 2013},
  year      = {2013},
  pages     = {188--197},
  crossref  = {DBLP:conf/icst/2013w},
  url       = {http://dx.doi.org/10.1109/ICSTW.2013.30},
  doi       = {10.1109/ICSTW.2013.30},
  timestamp = {Sun, 21 Sep 2014 13:40:55 +0200},
  biburl    = {http://dblp.uni-trier.de/rec/bib/conf/icst/HenardPPKT13},
  bibsource = {dblp computer science bibliography, http://dblp.org}
}

@inproceedings{feature-model-survey,
  author    = {David Benavides and
               Antonio Ruiz Cort{\'{e}}s and
               Pablo Trinidad and
               Sergio Segura},
  title     = {{A} {S}urvey on the {A}utomated {A}nalyses of {F}eature {M}odels},
  booktitle = {{XI} Jornadas de Ingenier{\'{\i}}a del Software y Bases de Datos
               {(JISBD} 2006), Octubre 3-6, 2006, Sitges, Barcelona, Spain.},
  year      = {2006},
  pages     = {367--376},
  crossref  = {DBLP:conf/jisbd/2006},
  timestamp = {Mon, 22 Sep 2014 07:25:53 +0200},
  biburl    = {http://dblp.uni-trier.de/rec/bib/conf/jisbd/BenavidesCTS06},
  bibsource = {dblp computer science bibliography, http://dblp.org}
}

@inproceedings{fm-to-csp,
  author    = {Ra{\'{u}}l Mazo and
               Camille Salinesi and
               Daniel Diaz and
               Alberto Lora{-}Michiels},
  title     = {Transforming Attribute and Clone-enabled Feature Models into Constraint
               Programs over Finite Domains},
  booktitle = {{ENASE} 2011 - Proceedings of the 6th International Conference on
               Evaluation of Novel Approaches to Software Engineering, Beijing, China,
               8-11 June, 2011.},
  year      = {2011},
  pages     = {188--199},
  crossref  = {DBLP:conf/enase/2011},
  timestamp = {Mon, 22 Sep 2014 09:13:19 +0200},
  biburl    = {http://dblp.uni-trier.de/rec/bib/conf/enase/MazoSDL11},
  bibsource = {dblp computer science bibliography, http://dblp.org}
}

@inproceedings{cost-based-prioritization,
  author    = {Hema Srikanth and
               Myra B. Cohen and
               Xiao Qu},
  title     = {{Reducing Field Failures in System Configurable Software: Cost-Based
               Prioritization}},
  booktitle = {{ISSRE} 2009, 20th International Symposium on Software Reliability
               Engineering, Mysuru, Karnataka, India, 16-19 November 2009},
  year      = {2009},
  pages     = {61--70},
  crossref  = {DBLP:conf/issre/2009},
  url       = {http://doi.ieeecomputersociety.org/10.1109/ISSRE.2009.26},
  doi       = {10.1109/ISSRE.2009.26},
  timestamp = {Tue, 23 Sep 2014 07:01:58 +0200},
  biburl    = {http://dblp.uni-trier.de/rec/bib/conf/issre/SrikanthCQ09},
  bibsource = {dblp computer science bibliography, http://dblp.org}
}

@inproceedings{automated-test-data-generation-feature-models,
  author    = {Sergio Segura and
               Robert M. Hierons and
               David Benavides and
               Antonio Ruiz Cort{\'{e}}s},
  title     = {{Automated Test Data Generation on the Analyses of Feature Models:
               {A} Metamorphic Testing Approach}},
  booktitle = {Third International Conference on Software Testing, Verification and
               Validation, {ICST} 2010, Paris, France, April 7-9, 2010},
  year      = {2010},
  pages     = {35--44},
  crossref  = {DBLP:conf/icst/2010},
  url       = {http://dx.doi.org/10.1109/ICST.2010.20},
  doi       = {10.1109/ICST.2010.20},
  timestamp = {Tue, 23 Sep 2014 08:25:13 +0200},
  biburl    = {http://dblp.uni-trier.de/rec/bib/conf/icst/SeguraHBR10},
  bibsource = {dblp computer science bibliography, http://dblp.org}
}

@inproceedings{staged-configuration,
  author    = {Krzysztof Czarnecki and
               Simon Helsen and
               Ulrich W. Eisenecker},
  title     = {{S}taged {C}onfiguration {U}sing {F}eature Models},
  booktitle = {Software Product Lines, Third International Conference, {SPLC} 2004,
               Boston, MA, USA, August 30-September 2, 2004, Proceedings},
  year      = {2004},
  pages     = {266--283},
  crossref  = {DBLP:conf/splc/2004},
  url       = {http://dx.doi.org/10.1007/978-3-540-28630-1_17},
  doi       = {10.1007/978-3-540-28630-1_17},
  timestamp = {Wed, 24 Sep 2014 08:38:38 +0200},
  biburl    = {http://dblp.uni-trier.de/rec/bib/conf/splc/CzarneckiHE04},
  bibsource = {dblp computer science bibliography, http://dblp.org}
}

@inproceedings{smt-challenge,
  author    = {Robert Nieuwenhuis and
               Albert Oliveras and
               Enric Rodr{\'{\i}}guez{-}Carbonell and
               Albert Rubio},
  title     = {{C}hallenges in {S}atisfiability {M}odulo {T}heories},
  booktitle = {Term Rewriting and Applications, 18th International Conference, {RTA}
               2007, Paris, France, June 26-28, 2007, Proceedings},
  year      = {2007},
  pages     = {2--18},
  crossref  = {DBLP:conf/rta/2007},
  url       = {http://dx.doi.org/10.1007/978-3-540-73449-9_2},
  doi       = {10.1007/978-3-540-73449-9_2},
  timestamp = {Tue, 14 Oct 2014 07:25:08 +0200},
  biburl    = {http://dblp.uni-trier.de/rec/bib/conf/rta/NieuwenhuisORR07},
  bibsource = {dblp computer science bibliography, http://dblp.org}
}

@inproceedings{theroies-z3,
  author    = {Nikolaj Bj{\o}rner},
  title     = {{E}ngineering {T}heories with {Z3}},
  booktitle = {{IWIL} 2012: The 9th International Workshop on the Implementation
               of Logics, Merida, Venezuela, March 10, 2012},
  year      = {2012},
  pages     = {1--2},
  crossref  = {DBLP:conf/lpar/2012iwil},
  url       = {http://www.easychair.org/publications/?page=714563683},
  timestamp = {Thu, 16 Oct 2014 17:13:57 +0200},
  biburl    = {http://dblp.uni-trier.de/rec/bib/conf/lpar/Bjorner12},
  bibsource = {dblp computer science bibliography, http://dblp.org}
}

@inproceedings{path-interaction-coverage,
  author    = {Wolfgang Grieskamp and
               Xiao Qu and
               Xiangjun Wei and
               Nicolas Kicillof and
               Myra B. Cohen},
  title     = {{I}nteraction {C}overage {M}eets {P}ath {C}overage by {SMT} {C}onstraint {S}olving},
  booktitle = {Testing of Software and Communication Systems, 21st {IFIP} {WG} 6.1
               International Conference, {TESTCOM} 2009 and 9th International Workshop,
               {FATES} 2009, Eindhoven, The Netherlands, November 2-4, 2009. Proceedings},
  year      = {2009},
  pages     = {97--112},
  crossref  = {DBLP:conf/pts/2009},
  url       = {http://dx.doi.org/10.1007/978-3-642-05031-2_7},
  doi       = {10.1007/978-3-642-05031-2_7},
  timestamp = {Thu, 16 Oct 2014 17:42:28 +0200},
  biburl    = {http://dblp.uni-trier.de/rec/bib/conf/pts/GrieskampQWKC09},
  bibsource = {dblp computer science bibliography, http://dblp.org}
}
%%%%%%%%%%%%%%%%%%%%%%
%PROCEEDINGS
%%%%%%%%%%%%%%%%%%%%%%
@inproceedings{z3-solver,
 author = {De Moura, Leonardo and Bj{\o}rner, Nikolaj},
 title = {{Z3}: {A}n {E}fficient {SMT} {S}olver},
 booktitle = {Proceedings of the Theory and Practice of Software, 14th International Conference on Tools and Algorithms for the Construction and Analysis of Systems},
 series = {TACAS'08/ETAPS'08},
 year = {2008},
 isbn = {3-540-78799-2, 978-3-540-78799-0},
 location = {Budapest, Hungary},
 pages = {337--340},
 numpages = {4},
 url = {http://dl.acm.org/citation.cfm?id=1792734.1792766},
 acmid = {1792766},
 publisher = {Springer-Verlag},
 address = {Berlin, Heidelberg},
} 

@proceedings{DBLP:conf/pts/2009,
  editor    = {Manuel N{\'{u}}{\~{n}}ez and
               Paul Baker and
               Mercedes G. Merayo},
  title     = {Testing of Software and Communication Systems, 21st {IFIP} {WG} 6.1
               International Conference, {TESTCOM} 2009 and 9th International Workshop,
               {FATES} 2009, Eindhoven, The Netherlands, November 2-4, 2009. Proceedings},
  series    = {Lecture Notes in Computer Science},
  year      = {2009},
  volume    = {5826},
  publisher = {Springer},
  url       = {http://dx.doi.org/10.1007/978-3-642-05031-2},
  doi       = {10.1007/978-3-642-05031-2},
  isbn      = {978-3-642-05030-5},
  timestamp = {Thu, 16 Oct 2014 17:42:28 +0200},
  biburl    = {http://dblp.uni-trier.de/rec/bib/conf/pts/2009},
  bibsource = {dblp computer science bibliography, http://dblp.org}
}

@inproceedings{kudzu,
  author    = {Prateek Saxena and
               Devdatta Akhawe and
               Steve Hanna and
               Feng Mao and
               Stephen McCamant and
               Dawn Song},
  title     = {{A Symbolic Execution Framework for JavaScript}},
  booktitle = {31st {IEEE} Symposium on Security and Privacy, S{\&}P 2010, 16-19
               May 2010, Berleley/Oakland, California, {USA}},
  year      = {2010},
  pages     = {513--528},
  crossref  = {DBLP:conf/sp/2010},
  url       = {http://doi.ieeecomputersociety.org/10.1109/SP.2010.38},
  doi       = {10.1109/SP.2010.38},
  timestamp = {Thu, 16 Oct 2014 17:30:01 +0200},
  biburl    = {http://dblp.uni-trier.de/rec/bib/conf/sp/SaxenaAHMMS10},
  bibsource = {dblp computer science bibliography, http://dblp.org}
}

@proceedings{DBLP:conf/sp/2010,
  title     = {31st {IEEE} Symposium on Security and Privacy, S{\&}P 2010, 16-19
               May 2010, Berleley/Oakland, California, {USA}},
  year      = {2010},
  publisher = {{IEEE} Computer Society},
  isbn      = {978-0-7695-4035-1},
  timestamp = {Thu, 16 Oct 2014 17:30:01 +0200},
  biburl    = {http://dblp.uni-trier.de/rec/bib/conf/sp/2010},
  bibsource = {dblp computer science bibliography, http://dblp.org}
}
@proceedings{DBLP:conf/lpar/2012iwil,
  editor    = {Konstantin Korovin and
               Stephan Schulz and
               Eugenia Ternovska},
  title     = {{IWIL} 2012: The 9th International Workshop on the Implementation
               of Logics, Merida, Venezuela, March 10, 2012},
  series    = {EPiC Series},
  year      = {2013},
  volume    = {22},
  publisher = {EasyChair},
  url       = {http://www.easychair.org/publications/?page=1941569411},
  timestamp = {Thu, 16 Oct 2014 17:13:57 +0200},
  biburl    = {http://dblp.uni-trier.de/rec/bib/conf/lpar/2012iwil},
  bibsource = {dblp computer science bibliography, http://dblp.org}
}

@proceedings{DBLP:conf/rta/2007,
  editor    = {Franz Baader},
  title     = {Term Rewriting and Applications, 18th International Conference, {RTA}
               2007, Paris, France, June 26-28, 2007, Proceedings},
  series    = {Lecture Notes in Computer Science},
  year      = {2007},
  volume    = {4533},
  publisher = {Springer},
  isbn      = {978-3-540-73447-5},
  timestamp = {Tue, 14 Oct 2014 07:25:08 +0200},
  biburl    = {http://dblp.uni-trier.de/rec/bib/conf/rta/2007},
  bibsource = {dblp computer science bibliography, http://dblp.org}
}
@proceedings{DBLP:conf/splc/2012-1,
  editor    = {Eduardo Santana de Almeida and
               Christa Schwanninger and
               David Benavides},
  title     = {16th International Software Product Line Conference, {SPLC} '12, Salvador,
               Brazil - September 2-7, 2012, Volume 1},
  year      = {2012},
  publisher = {{ACM}},
  url       = {http://dl.acm.org/citation.cfm?id=2362536},
  isbn      = {978-1-4503-1094-9},
  timestamp = {Fri, 10 Oct 2014 11:06:54 +0200},
  biburl    = {http://dblp.uni-trier.de/rec/bib/conf/splc/2012-1},
  bibsource = {dblp computer science bibliography, http://dblp.org}
}

@proceedings{DBLP:conf/gpce/2008,
  editor    = {Yannis Smaragdakis and
               Jeremy G. Siek},
  title     = {Generative Programming and Component Engineering, 7th International
               Conference, {GPCE} 2008, Nashville, TN, USA, October 19-23, 2008,
               Proceedings},
  year      = {2008},
 
  publisher = {{ACM}},
  isbn      = {978-1-60558-267-2},
  timestamp = {Fri, 03 Oct 2014 15:23:18 +0200},
  biburl    = {http://dblp.uni-trier.de/rec/bib/conf/gpce/2008},
  bibsource = {dblp computer science bibliography, http://dblp.org}
}
@proceedings{DBLP:conf/splc/2004,
  editor    = {Robert L. Nord},
  title     = {Software Product Lines, Third International Conference, {SPLC} 2004,
               Boston, MA, USA, August 30-September 2, 2004, Proceedings},
  series    = {Lecture Notes in Computer Science},
  year      = {2004},
  volume    = {3154},
  publisher = {Springer},
  isbn      = {3-540-22918-3},
  timestamp = {Wed, 24 Sep 2014 08:38:38 +0200},
  biburl    = {http://dblp.uni-trier.de/rec/bib/conf/splc/2004},
  bibsource = {dblp computer science bibliography, http://dblp.org}
}

@proceedings{DBLP:conf/issre/2009,
  title     = {{ISSRE} 2009, 20th International Symposium on Software Reliability
               Engineering, Mysuru, Karnataka, India, 16-19 November 2009},
  year      = {2009},
  publisher = {{IEEE} Computer Society},
  isbn      = {978-0-7695-3878-5},
  timestamp = {Tue, 23 Sep 2014 07:01:58 +0200},
  biburl    = {http://dblp.uni-trier.de/rec/bib/conf/issre/2009},
  bibsource = {dblp computer science bibliography, http://dblp.org}
}

@proceedings{DBLP:conf/coco/1972,
  editor    = {Raymond E. Miller and
               James W. Thatcher},
  title     = {Proceedings of a symposium on the Complexity of Computer Computations,
               held March 20-22, 1972, at the {IBM} Thomas J. Watson Research Center,
               Yorktown Heights, New York},
  series    = {The {IBM} Research Symposia Series},
  year      = {1972},
  publisher = {Plenum Press, New York},
  isbn      = {0-306-30707-3},
  timestamp = {Fri, 03 Oct 2014 10:23:22 +0200},
  biburl    = {http://dblp.uni-trier.de/rec/bib/conf/coco/1972},
  bibsource = {dblp computer science bibliography, http://dblp.org}
}

@proceedings{DBLP:conf/enase/2011,
  editor    = {Leszek A. Maciaszek and
               Kang Zhang},
  title     = {{ENASE} 2011 - Proceedings of the 6th International Conference on
               Evaluation of Novel Approaches to Software Engineering, Beijing, China,
               8-11 June, 2011},
  year      = {2011},
  publisher = {SciTePress},
  isbn      = {978-989-8425-57-7},
  timestamp = {Mon, 22 Sep 2014 09:13:19 +0200},
  biburl    = {http://dblp.uni-trier.de/rec/bib/conf/enase/2011},
  bibsource = {dblp computer science bibliography, http://dblp.org}
}

@proceedings{DBLP:conf/icst/2013w,
  title     = {2013 {IEEE} Sixth International Conference on Software Testing, Verification
               and Validation, Workshops Proceedings, Luxembourg, Luxembourg, March
               18-22, 2013},
  year      = {2013},
  publisher = {{IEEE}},
  url       = {http://ieeexplore.ieee.org/xpl/mostRecentIssue.jsp?punumber=6570842},
  isbn      = {978-1-4799-1324-4},
  timestamp = {Sun, 21 Sep 2014 13:40:55 +0200},
  biburl    = {http://dblp.uni-trier.de/rec/bib/conf/icst/2013w},
  bibsource = {dblp computer science bibliography, http://dblp.org}
}

@proceedings{DBLP:conf/issta/2007,
  editor    = {David S. Rosenblum and
               Sebastian G. Elbaum},
  title     = {Proceedings of the {ACM/SIGSOFT} International Symposium on Software
               Testing and Analysis, {ISSTA} 2007, London, UK, July 9-12, 2007},
  year      = {2007},
  publisher = {{ACM}},
  isbn      = {978-1-59593-734-6},
  timestamp = {Thu, 18 Sep 2014 18:08:33 +0200},
  biburl    = {http://dblp.uni-trier.de/rec/bib/conf/issta/2007},
  bibsource = {dblp computer science bibliography, http://dblp.org}
}

@proceedings{DBLP:conf/hase/1998,
  title     = {3rd IEEE International Symposium on High-Assurance Systems
               Engineering (HASE '98), 13-14 November 1998, Washington,
               D.C, USA, Proceedings},
  booktitle = {HASE},
  publisher = {IEEE Computer Society},
  year      = {1998},
  isbn      = {0-8186-9221-9},
  bibsource = {DBLP, http://dblp.uni-trier.de}
}


@proceedings{DBLP:conf/cav/2004,
  editor    = {Rajeev Alur and
               Doron Peled},
  title     = {Computer Aided Verification, 16th International Conference,
               CAV 2004, Boston, MA, USA, July 13-17, 2004, Proceedings},
  booktitle = {CAV},
  publisher = {Springer},
  series    = {Lecture Notes in Computer Science},
  volume    = {3114},
  year      = {2004},
  isbn      = {3-540-22342-8},
  bibsource = {DBLP, http://dblp.uni-trier.de}
}

@proceedings{DBLP:conf/tacas/2008,
  editor    = {C. R. Ramakrishnan and
               Jakob Rehof},
  title     = {Tools and Algorithms for the Construction and Analysis of
               Systems, 14th International Conference, TACAS 2008, Held
               as Part of the Joint European Conferences on Theory and
               Practice of Software, ETAPS 2008, Budapest, Hungary, March
               29-April 6, 2008. Proceedings},
  booktitle = {TACAS},
  publisher = {Springer},
  series    = {Lecture Notes in Computer Science},
  volume    = {4963},
  year      = {2008},
  isbn      = {978-3-540-78799-0},
  bibsource = {DBLP, http://dblp.uni-trier.de}
}

@proceedings{DBLP:conf/sbmf/2009,
  editor    = {Marcel Vinicius Medeiros Oliveira and
               Jim Woodcock},
  title     = {Formal Methods: Foundations and Applications, 12th Brazilian
               Symposium on Formal Methods, SBMF 2009, Gramado, Brazil,
               August 19-21, 2009, Revised Selected Papers},
  booktitle = {SBMF},
  publisher = {Springer},
  series    = {Lecture Notes in Computer Science},
  volume    = {5902},
  year      = {2009},
  isbn      = {978-3-642-10451-0},
  ee        = {http://dx.doi.org/10.1007/978-3-642-10452-7},
  bibsource = {DBLP, http://dblp.uni-trier.de}
}

@proceedings{DBLP:conf/icse/2005,
  editor    = {Gruia-Catalin Roman and
               William G. Griswold and
               Bashar Nuseibeh},
  title     = {27th International Conference on Software Engineering (ICSE
               2005), 15-21 May 2005, St. Louis, Missouri, USA},
  booktitle = {ICSE},
  publisher = {ACM},
  year      = {2005},
  bibsource = {DBLP, http://dblp.uni-trier.de}
}


@proceedings{DBLP:conf/tacas/2000,
  editor    = {Susanne Graf and
               Michael I. Schwartzbach},
  title     = {Tools and Algorithms for Construction and Analysis of Systems,
               6th International Conference, TACAS 2000, Held as Part of
               the European Joint Conferences on the Theory and Practice
               of Software, ETAPS 2000, Berlin, Germany, March 25 - April
               2, 2000, Proceedings},
  booktitle = {TACAS},
  publisher = {Springer},
  series    = {Lecture Notes in Computer Science},
  volume    = {1785},
  year      = {2000},
  isbn      = {3-540-67282-6},
  bibsource = {DBLP, http://dblp.uni-trier.de}
}

@proceedings{DBLP:conf/stoc/STOC3,
  editor    = {Michael A. Harrison and
               Ranan B. Banerji and
               Jeffrey D. Ullman},
  title     = {Proceedings of the 3rd Annual ACM Symposium on Theory of
               Computing, May 3-5, 1971, Shaker Heights, Ohio, USA},
  booktitle = {STOC},
  publisher = {ACM},
  year      = {1971},
  bibsource = {DBLP, http://dblp.uni-trier.de}
}

@proceedings{DBLP:conf/icst/2010,
  title     = {Third International Conference on Software Testing, Verification
               and Validation, ICST 2010, Paris, France, April 7-9, 2010},
  booktitle = {ICST},
  publisher = {IEEE Computer Society},
  year      = {2010},
  isbn      = {978-0-7695-3990-4},
  bibsource = {DBLP, http://dblp.uni-trier.de}
}

@proceedings{DBLP:conf/date/2011,
  title     = {Design, Automation and Test in Europe, DATE 2011, Grenoble,
               France, March 14-18, 2011},
  booktitle = {DATE},
  publisher = {IEEE},
  year      = {2011},
  isbn      = {978-1-61284-208-0},
  bibsource = {DBLP, http://dblp.uni-trier.de}
}

@proceedings{DBLP:conf/models/2012ocl,
  editor    = {Mira Balaban and
               Jordi Cabot and
               Martin Gogolla and
               Claas Wilke},
  title     = {Proceedings of the 12th Workshop on OCL and Textual Modelling,
               Innsbruck, Austria, September 30, 2012},
  booktitle = {OCL and Textual Modelling},
  publisher = {ACM},
  year      = {2012},
  isbn      = {978-1-4503-1799-3},
  ee        = {http://dl.acm.org/citation.cfm?id=2428516},
  bibsource = {DBLP, http://dblp.uni-trier.de}
}

@proceedings{DBLP:conf/cec/2009,
  title     = {Proceedings of the IEEE Congress on Evolutionary Computation,
               CEC 2009, Trondheim, Norway, 18-21 May, 2009},
  booktitle = {IEEE Congress on Evolutionary Computation},
  publisher = {IEEE},
  year      = {2009},
  bibsource = {DBLP, http://dblp.uni-trier.de}
}

@proceedings{DBLP:conf/gecco/2002,
  editor    = {William B. Langdon and
               Erick Cant{\'u}-Paz and
               Keith E. Mathias and
               Rajkumar Roy and
               David Davis and
               Riccardo Poli and
               Karthik Balakrishnan and
               Vasant Honavar and
               G{\"u}nter Rudolph and
               Joachim Wegener and
               Larry Bull and
               Mitchell A. Potter and
               Alan C. Schultz and
               Julian F. Miller and
               Edmund K. Burke and
               Natasa Jonoska},
  title     = {GECCO 2002: Proceedings of the Genetic and Evolutionary
               Computation Conference, New York, USA, 9-13 July 2002},
  booktitle = {GECCO},
  publisher = {Morgan Kaufmann},
  year      = {2002},
  isbn      = {1-55860-878-8},
  bibsource = {DBLP, http://dblp.uni-trier.de}
}
@proceedings{DBLP:conf/gi/2007-2,
  editor    = {Rainer Koschke and
               Otthein Herzog and
               Karl-Heinz R{\"o}diger and
               Marc Ronthaler},
  title     = {INFORMATIK 2007: Informatik trifft Logistik. Band 2. Beitr{\"a}ge
               der 37. Jahrestagung der Gesellschaft f{\"u}r Informatik
               e.V. (GI), 24.-27. September 2007 in Bremen},
  booktitle = {GI Jahrestagung (2)},
  publisher = {GI},
  series    = {LNI},
  volume    = {110},
  year      = {2007},
  isbn      = {978-3-88579-204-8},
  bibsource = {DBLP, http://dblp.uni-trier.de}
}

@proceedings{DBLP:series/faia/2009-185,
  editor    = {Armin Biere and
               Marijn Heule and
               Hans van Maaren and
               Toby Walsh},
  title     = {Handbook of Satisfiability},
  series    = {Frontiers in Artificial Intelligence and Applications},
  year      = {2009},
  volume    = {185},
  publisher = {{IOS} Press},
  isbn      = {978-1-58603-929-5},
  timestamp = {Tue, 14 Oct 2014 07:17:36 +0200},
  biburl    = {http://dblp.uni-trier.de/rec/bib/series/faia/2009-185},
  bibsource = {dblp computer science bibliography, http://dblp.org}
}

@proceedings{DBLP:conf/jisbd/2006,
  editor    = {Jos{\'{e}} Crist{\'{o}}bal Riquelme Santos and
               Pere Botella},
  title     = {{XI} Jornadas de Ingenier{\'{\i}}a del Software y Bases de Datos
               {(JISBD} 2006), Octubre 3-6, 2006, Sitges, Barcelona, Spain},
  year      = {2006},
  isbn      = {84-95999-99-4},
  timestamp = {Mon, 22 Sep 2014 07:25:53 +0200},
  biburl    = {http://dblp.uni-trier.de/rec/bib/conf/jisbd/2006},
  bibsource = {dblp computer science bibliography, http://dblp.org}
}


